<collection xmlns="http://www.loc.gov/MARC21/slim"><record><leader>00847nam  2200265   450</leader><controlfield tag="001">844</controlfield><controlfield tag="003">http://montalegre.opacnet.com/OPAC/default.aspx?ContentAreaControl=ShowRegHoldings.ascx&amp;RegNo=16662</controlfield><controlfield tag="005">20</controlfield><datafield tag="021" ind1=" " ind2=" "><subfield code="a">PT</subfield><subfield code="b">36866/90</subfield></datafield><datafield tag="095" ind1=" " ind2=" "><subfield code="a">PTBN00256889</subfield></datafield><datafield tag="100" ind1=" " ind2=" "><subfield code="a">19900627d1990    bc y0pory010305  ba</subfield></datafield><datafield tag="101" ind1="0" ind2=" "><subfield code="a">por</subfield></datafield><datafield tag="102" ind1=" " ind2=" "><subfield code="a">PT</subfield></datafield><datafield tag="105" ind1=" " ind2=" "><subfield code="a">a   z   001ay</subfield></datafield><datafield tag="106" ind1=" " ind2=" "><subfield code="a">r</subfield></datafield><datafield tag="200" ind1="1" ind2=" "><subfield code="a">Branca-Flor e outras histórias</subfield><subfield code="f">Ana de Castro Osório</subfield><subfield code="g">il. Luis Manuel Gaspar</subfield></datafield><datafield tag="210" ind1=" " ind2=" "><subfield code="a">Mem Martins</subfield><subfield code="c">Terramar</subfield><subfield code="d">imp. 1990</subfield></datafield><datafield tag="215" ind1=" " ind2=" "><subfield code="a">81, [2] p.</subfield><subfield code="c">il.</subfield><subfield code="d">24 cm</subfield></datafield><datafield tag="225" ind1="2" ind2=" "><subfield code="a">Abracadabra</subfield><subfield code="v">1</subfield></datafield><datafield tag="675" ind1=" " ind2=" "><subfield code="a">821.134.3</subfield><subfield code="v">BN</subfield><subfield code="z">por</subfield></datafield><datafield tag="675" ind1=" " ind2=" "><subfield code="a">087.5</subfield><subfield code="v">BN</subfield><subfield code="z">por</subfield></datafield><datafield tag="700" ind1=" " ind2="1"><subfield code="a">Osório</subfield><subfield code="b">Ana de Castro</subfield><subfield code="f">1872-1935</subfield></datafield><datafield tag="702" ind1=" " ind2="1"><subfield code="a">Gaspar</subfield><subfield code="b">Luís Manuel</subfield><subfield code="f">1960-</subfield><subfield code="4">440</subfield></datafield><datafield tag="801" ind1=" " ind2="0"><subfield code="a">PT</subfield><subfield code="b">Biblioteca Municipal de Montalegre</subfield><subfield code="g">RPC</subfield></datafield><datafield tag="856" ind1=" " ind2=" "><subfield code="u">locateMedia.asp?cod=20060626170539&amp;ext=jpg</subfield><subfield code="z">CAPA</subfield></datafield><datafield tag="909" ind1="&#9;" ind2=" "><subfield code="a">1</subfield></datafield><datafield tag="966" ind1=" " ind2=" "><subfield code="a">0001899</subfield><subfield code="l">BMM</subfield><subfield code="s">SJ 821.134.3 OSÓ bra 1</subfield></datafield></record></collection>